@book{milne1926winnie,
  author={Alexander Alan Milne},
  editor={Ernest Howard Shepard},
  title={Winnie-the-Pooh},
  publisher={Methuen \& Co.},
  city={London},
  year={1926},
  month={10},
  day={26},
  editortype={illustrator},
}